@article{singularity,
  title={Singularity: Scientific containers for mobility of compute},
  author={Kurtzer, Gregory M and Sochat, Vanessa and Bauer, Michael W},
  journal={PloS one},
  volume={12},
  number={5},
  year={2017},
  publisher={Public Library of Science}
}

@article{singularity2,
  title={Title},
  author={Author, V},
  journal={Journal},
  volume={1},
  number={596},
  year={2017},
  publisher={Public Library of Science}
}